@article{oldford2016self,
  title={Self-calibrating quantile--quantile plots},
  author={Oldford, R Wayne},
  journal={The American Statistician},
  volume={70},
  number={1},
  pages={74--90},
  year={2016},
  publisher={Taylor \& Francis}
}
@article{pipper2012versatile,
  title={A versatile method for confirmatory evaluation of the effects of a covariate in multiple models},
  author={Pipper, Christian Bressen and Ritz, Christian and Bisgaard, Hans},
  journal={Journal of the Royal Statistical Society: Series C (Applied Statistics)},
  volume={61},
  number={2},
  pages={315--326},
  year={2012},
  publisher={Wiley Online Library}
}
@article{lakens2013calculating,
  title={Calculating and reporting effect sizes to facilitate cumulative science: a practical primer for t-tests and ANOVAs},
  author={Lakens, Dani{\"e}l},
  journal={Frontiers in psychology},
  volume={4},
  pages={863},
  year={2013},
  publisher={Frontiers Media SA}
}
@book{christensen2002plane,
  title={Plane answers to complex questions (4th edition)},
  author={Christensen, Ronald},
  volume={35},
  number={1},
  year={2011},
  publisher={Springer}
}
@incollection{geyer2013asymptotics,
  title={Asymptotics of maximum likelihood without the LLN or CLT or sample size going to infinity},
  author={Geyer, Charles J},
  booktitle={Advances in Modern Statistical Theory and Applications: A Festschrift in honor of Morris L. Eaton},
  volume={10},
  pages={1--25},
  year={2013},
  publisher={Institute of Mathematical Statistics}
}
@article{lipsitz2002parameter,
  title={Parameter estimation in longitudinal studies with outcome-dependent follow-up},
  author={Lipsitz, Stuart R and Fitzmaurice, Garrett M and Ibrahim, Joseph G and Gelber, Richard and Lipshultz, Steven},
  journal={Biometrics},
  volume={58},
  number={3},
  pages={621--630},
  year={2002},
  publisher={Oxford University Press}
}
@article{thomadakis2023issues,
  title={Issues with the expected information matrix of linear mixed models provided by popular statistical packages under missingness at random dropout},
  author={Thomadakis, Christos and Pantazis, Nikos and Touloumi, Giota},
  journal={Statistics in Medicine},
  volume={42},
  number={16},
  pages={2873--2885},
  year={2023},
  publisher={Wiley Online Library}
}
@article{ozenne2025sensitivity,
  title={A sensitivity analysis of preprocessing pipelines: Toward a solution for multiverse analyses},
  author={Ozenne, Brice and N{\o}rgaard, Martin and Pernet, Cyril and Ganz, Melanie},
  journal={Imaging Neuroscience},
  volume={3},
  pages={imag\_a\_00523},
  year={2025},
  publisher={MIT Press 255 Main Street, 9th Floor, Cambridge, Massachusetts 02142, USA~â€¦}
}
