@article{oldford2016self,
  title={Self-calibrating quantile--quantile plots},
  author={Oldford, R Wayne},
  journal={The American Statistician},
  volume={70},
  number={1},
  pages={74--90},
  year={2016},
  publisher={Taylor \& Francis}
}
@article{pipper2012versatile,
  title={A versatile method for confirmatory evaluation of the effects of a covariate in multiple models},
  author={Pipper, Christian Bressen and Ritz, Christian and Bisgaard, Hans},
  journal={Journal of the Royal Statistical Society: Series C (Applied Statistics)},
  volume={61},
  number={2},
  pages={315--326},
  year={2012},
  publisher={Wiley Online Library}
}
@article{lakens2013calculating,
  title={Calculating and reporting effect sizes to facilitate cumulative science: a practical primer for t-tests and ANOVAs},
  author={Lakens, Dani{\"e}l},
  journal={Frontiers in psychology},
  volume={4},
  pages={863},
  year={2013},
  publisher={Frontiers Media SA}
}
@book{christensen2002plane,
  title={Plane answers to complex questions (4th edition)},
  author={Christensen, Ronald},
  volume={35},
  number={1},
  year={2011},
  publisher={Springer}
}
@incollection{geyer2013asymptotics,
  title={Asymptotics of maximum likelihood without the LLN or CLT or sample size going to infinity},
  author={Geyer, Charles J},
  booktitle={Advances in Modern Statistical Theory and Applications: A Festschrift in honor of Morris L. Eaton},
  volume={10},
  pages={1--25},
  year={2013},
  publisher={Institute of Mathematical Statistics}
}
