@article{vickers2001analysing,
  title={Analysing controlled trials with baseline and follow up measurements},
  author={Vickers, Andrew J and Altman, Douglas G},
  journal={Bmj},
  volume={323},
  number={7321},
  pages={1123--1124},
  year={2001},
  publisher={British Medical Journal Publishing Group}
}
@article{mtove2022weight,
  title={Weight change during the first week of life and a new method for retrospective prediction of birthweight among exclusively breastfed newborns},
  author={Mtove, George and Abdul, Omari and Kullberg, Fanny and Gesase, Samwel and Scheike, Thomas and Andersen, Frederik M{\o}lkj{\ae}r and Madanitsa, Mwayiwawo and Ter Kuile, Feiko O and Alifrangis, Michael and Lusingu, John PA and others},
  journal={Acta Obstetricia et Gynecologica Scandinavica},
  volume={101},
  number={3},
  pages={293--302},
  year={2022},
  publisher={Wiley Online Library}
}
